<record><leader>00000cas a22000007a 4500</leader><controlfield tag="001">16132916</controlfield><controlfield tag="008">870706c18uu9999iauwr ne      0    0eng d</controlfield><datafield ind1=" " ind2=" " tag="010"><subfield code="a">sn 87058448 </subfield></datafield><datafield ind1=" " ind2=" " tag="040"><subfield code="a">INP</subfield><subfield code="b">eng</subfield><subfield code="c">INP</subfield><subfield code="d">OCLCQ</subfield></datafield><datafield ind1=" " ind2=" " tag="042"><subfield code="a">msc</subfield></datafield><datafield ind1="0" ind2=" " tag="130"><subfield code="a">Hampton chronicle (Hampton, Iowa)</subfield></datafield><datafield ind1="1" ind2="0" tag="245"><subfield code="a">Hampton chronicle.</subfield></datafield><datafield ind1=" " ind2=" " tag="260"><subfield code="a">Hampton, Franklin County, Iowa :</subfield><subfield code="b">T.H. Hacker</subfield></datafield><datafield ind1=" " ind2=" " tag="300"><subfield code="a">v.</subfield></datafield><datafield ind1=" " ind2=" " tag="310"><subfield code="a">Weekly</subfield></datafield><datafield ind1=" " ind2=" " tag="500"><subfield code="a">Publisher varies.</subfield></datafield><datafield ind1=" " ind2=" " tag="588"><subfield code="a">Description based on: Vol. 23, no. 1 (Jan. 1, 1895).</subfield></datafield><datafield ind1=" " ind2=" " tag="752"><subfield code="a">United States</subfield><subfield code="b">Iowa</subfield><subfield code="c">Franklin</subfield><subfield code="d">Hampton.</subfield></datafield><datafield ind1="0" ind2="0" tag="780"><subfield code="t">Chronicle (Hampton, Iowa)</subfield><subfield code="w">(DLC)sn 84038207</subfield></datafield><datafield ind1="0" ind2="5" tag="780"><subfield code="t">Hampton globe</subfield><subfield code="w">(DLC)sn 87058449</subfield></datafield><datafield ind1="0" ind2="5" tag="780"><subfield code="t">Popejoy news</subfield></datafield><datafield ind1="0" ind2="5" tag="780"><subfield code="t">Franklin County recorder</subfield><subfield code="w">(DLC)sn 87058452</subfield></datafield></record>